% Program Studi D-IV Komputasi Statistik
% Politeknik Statistika STIS
%
% Berikut ini adalah contoh penggunaan referensi dalam format BibTeX
% 
% 

% Contoh referensi berupa: Buku

@book{pustaka1,
author={A. E. Brouwer and W. H. Haemers},
title={Spectra of Graphs}, 
publisher={Springer}, 
year={2012}, 
address={New York},
}

% Contoh referensi berupa: Bagian/Bab dalam Buku

@inbook{pustaka2,
author={Shakarian, Paulo and Bhatnagar, Abhinav and Aleali, Ashkan and Shaabani, Elham and Guo, Ruocheng},
title={The Independent Cascade and Linear Threshold Models},
bookTitle={Diffusion in Social Networks},
year={2015},
publisher={Springer International Publishing},
address={Cham},
pages={35--48},
isbn={978-3-319-23105-1},
doi={10.1007/978-3-319-23105-1_4},
}

% Contoh referensi berupa: Jurnal

@article{pustaka3, 
author={C. Chen and H. Tong and B. A. Prakash and C. E. Tsourakakis and T. Eliassi-Rad and C. Faloutsos and D. H. Chau}, 
journal={IEEE Transaction on Knowledge and Data Engineering}, 
title={Node Immunization on Large Graphs: Theory and Algorithms}, 
year={2016}, 
volume={28}, 
number={1}, 
pages={113-126},
month={Jan},
publisher={IEEE},
address={New York, USA},
}

% Contoh referensi berupa: Seminar/Proceeding

@inproceedings{pustaka4, 
author={Wijayanto, Arie Wahyu and Murata, Tsuyoshi},  
title={Learning Adaptive Graph Protection Strategy on Dynamic Networks via Reinforcement Learning}, 
booktitle={2018 IEEE/WIC/ACM International Conference on Web Intelligence (WI)}, 
series={WI 2018},
year={2018}, 
month={Dec},
pages={534-539},
doi={10.1109/WI.2018.00-41},
publisher={IEEE},
address={New York, USA},
}

% Contoh referensi berupa: Sumber elektronik (Website)

@online{setup,
author={Xinmiao Yu, Zhanpeng Zhou},
title={Prototype system setup},
year={2020},
url={https://github.com/MrZhang1994/distributed-machine-learning-platform-platform/blob/master/Prototype system setup.md},
urldate={2020-11-30}
}
@online{kudoc,
author={Kubernetes Author},
title={Scheduler Configuration},
year={2020},
url={https://kubernetes.io/docs/reference/scheduling/config/},
urldate={2020-11-30}
}

@online{feddoc,
author={FedML Author},
title={FedML Distributed Computing Hardware and Software Configuration},
year={2020},
url={http://doc.fedml.ai/#/installation-distributed-computing},
urldate={2020-12-04}
}

@online{fedddoc,
author={FedML Author},
title={FedML Distributed Computing Hardware and Software Configuration},
year={2020},
url={https://github.com/FedML-AI/FedML},
urldate={2020-12-04}
}

@article{chaoyanghe2020fedml,
  Author = {He, Chaoyang and Li, Songze and So, Jinhyun and Zhang, Mi and Wang, Hongyi and Wang, Xiaoyang and Vepakomma, Praneeth and Singh, Abhishek and Qiu, Hang and Shen, Li and Zhao, Peilin and Kang, Yan and Liu, Yang and Raskar, Ramesh and Yang, Qiang and Annavaram, Murali and Avestimehr, Salman},
  Journal = {arXiv preprint arXiv:2007.13518},
  Title = {FedML: A Research Library and Benchmark for Federated Machine Learning},
  Year = {2020}
}

@article{pgm19,
author = {Paszke, A. and S. Gross and F. Massa and others},
journal = {In Advances in Neural Information Processing Systems},
pages = {8024-8035},
title = {Pytorch: An imperative style, high-performance deep learning library},
year = {2019},
}

@inproceedings{abc16,
author = {Abadi, M. and P. Barham and J. Chen and others},
booktitle = {12th {USENIX} Symposium on Operating Systems Design and Implementation ({OSDI} 16},
pages = {265-283},
title = {Tensorflow: A system for large-scale machine learning},
year = {2016},
}

@unpublished{cll15,
author = {Chen, T. and M. Li and Y. Li and others},
note = {preprint},
title = {Mxnet: A flexible and efficient machine learning library for heterogeneous distributed systems. arXiv},
year = {2015},
archivePrefix = {arXiv},
eprint = {1512.01274},
}

@unpublished{sb18,
author = {Sergeev, A. and M. Del Balso},
note = {preprint},
title = {Horovod: fast and easy distributed deep learning in tensorflow. arXiv},
year = {2018},
archivePrefix = {arXiv},
eprint = {1802.05799},
}

@inproceedings{pzc19,
author = {Peng, Y. and Y. Zhu and Y. Chen and others},
booktitle = {Proceedings of the 27th ACM Symposium on Operating Systems Principles},
pages = {16-29},
title = {A generic communication scheduler for distributed dnn training acceleration},
year = {2019},
}

@unpublished{io19,
author = {Ingerman, A. and K. Ostrowski},
title = {TensorFlow Federated},
year = {2019},
}

@unpublished{cwl18,
author = {Caldas, S. and P. Wu and T. Li and others},
note = {preprint},
title = {Leaf: A benchmark for federated settings. arXiv},
year = {2018},
archivePrefix = {arXiv},
eprint = {1812.01097},
}

@article{mmr17,
author = {McMahan, B. and E. Moore and D. Ramage and others},
journal = {In Artificial Intelligence and Statistics},
pages = {1273-1282},
title = {Communication-efficient learning of deep networks from decentralized data},
year = {2017},
}

@article{ylc19,
author = {Yang, Q. and Y. Liu and Y. Cheng and others},
journal = {Synthesis Lectures on Artificial Intelligence and Machine Learning},
number = {3},
pages = {1-207},
title = {Federated learning},
volume = {13},
year = {2019},
}

@article{hg04,  
author={H. {Han} and L. {Giles} and H. {Zha} and C. {Li} and K. {Tsioutsiouliklis}},
booktitle={Proceedings of the 2004 Joint ACM/IEEE Conference on Digital Libraries, 2004.},   
title={Two supervised learning approaches for name disambiguation in author citations},   
year={2004}, 
volume={},  
number={},  
pages={296-305},  
doi={10.1109/JCDL.2004.240051}}


% [1] Hui Han, Lee Giles, Hongyuan Zha, Cheng Li, and Kostas Tsioutsiouliklis. 2004. Two Supervised Learning Approaches for Name Disambiguation in Author Citations. In Proceedings of the 4th ACM/IEEE-CS Joint Conference on Digital Libraries (JCDL ’04). ACM, New York, NY, USA, 296–305.

@inproceedings{tpgl09,
author = {Treeratpituk, Pucktada and Giles, C. Lee},
title = {Disambiguating Authors in Academic Publications Using Random Forests},
year = {2009},
isbn = {9781605583228},
publisher = {Association for Computing Machinery},
address = {New York, NY, USA},
url = {https://doi.org/10.1145/1555400.1555408},
doi = {10.1145/1555400.1555408},
booktitle = {Proceedings of the 9th ACM/IEEE-CS Joint Conference on Digital Libraries},
pages = {39–48},
numpages = {10},
keywords = {medline, random forests, author disambiguation},
location = {Austin, TX, USA},
series = {JCDL '09}
}
% [2] Pucktada Treeratpituk and CLee Giles. 2009. Disambiguating authors in academic publications using random forests. In Proceedings of the 9th ACM/IEEE-CS joint conference on Digital libraries. ACM, 39–48.


@article{zwtf12,
author = {J. Zhang and B. Wang and J. Tang and A. Fong},
journal = {IEEE Transactions on Knowledge & Data Engineering},
title = {A Unified Probabilistic Framework for Name Disambiguation in Digital Library},
year = {2012},
volume = {24},
number = {06},
issn = {1558-2191},
pages = {975-987},
keywords = {digital libraries;information search and retrieval;database applications;heterogeneous databases.},
doi = {10.1109/TKDE.2011.13},
publisher = {IEEE Computer Society},
address = {Los Alamitos, CA, USA},
month = {jun}
}

% [3] Jie Tang, Alvis CM Fong, Bo Wang, and Jing Zhang. 2011. A unified probabilistic framework for name disambiguation in digital library. IEEE Transactions on Knowledge and Data Engineering 24, 6(2011), 975–987. 

@inproceedings{zzyt18,
author = {Y. Zhang and F. Zhang and P. Yao and J. Tang},
year = {2018},
month = {07},
pages = {1002-1011},
title = {Name Disambiguation in AMiner: Clustering, Maintenance, and Human in the Loop.},
doi = {10.1145/3219819.3219859}
}




% [4] Yutao Zhang, Fanjin Zhang, Peiran Yao, and Jie Tang. 2018. Name Disambiguation in AMiner: Clustering, Maintenance, and Human in the Loop. In Proceedings of the 24th ACM SIGKDD International Conference on Knowledge Discovery & Data Mining (KDD ’18). ACM, New York, NY, USA,1002–1011.

@article{wwwljzw20,
      title={Author Name Disambiguation on Heterogeneous Information Network with Adversarial Representation Learning}, 
      author={H. Wang and R. Wang and C. Wen and S. Li and Y. Jia and W. Zhang and X. Wang},
      year={2020},
      eprint={2002.09803},
      archivePrefix={arXiv},
      primaryClass={cs.SI}
}

% [5] Xiao Ma, Ranran Wang,and Yin Zhang. 2019. Author Name Disambiguation in Heterogeneous Academic Networks. In International Conference on Web Information Systems and Applications. Springer, 126–137.
@article{Schulz_2014,
   title={Exploiting citation networks for large-scale author name disambiguation},
   volume={3},
   ISSN={2193-1127},
   url={http://dx.doi.org/10.1140/epjds/s13688-014-0011-3},
   DOI={10.1140/epjds/s13688-014-0011-3},
   number={1},
   journal={EPJ Data Science},
   publisher={Springer Science and Business Media LLC},
   author={Schulz, Christian and Mazloumian, Amin and Petersen, Alexander M and Penner, Orion and Helbing, Dirk},
   year={2014},
   month={Sep}
}


% [6] Christian Schulz, Amin Mazloumian, Alexander M Petersen, Orion Penner, and Dirk Helbing. 2014. Exploiting citation networks for large-scale author name disambiguation. EPJ Data Science 3, 1(2014), 11.


@misc{zhang2017disambiguation,
      title={Name Disambiguation in Anonymized Graphs using Network Embedding}, 
      author={Baichuan Zhang and Mohammad Al Hasan},
      year={2017},
      eprint={1702.02287},
      archivePrefix={arXiv},
      primaryClass={cs.SI}
}

% [7] Baichuan Zhang and Mohammad Al Hasan. 2017. Name disambiguation in anonymized graphs using network embedding. In Proceedings of the 2017 ACM on Conference on Information and Knowledge Management. ACM, 1239–1248. 


@misc{zhang2016disambiguation,
      title={Name Disambiguation from link data in a collaboration graph using temporal and topological features}, 
      author={Baichuan Zhang and Tanay Kumar Saha and Mohammad Al Hasan},
      year={2016},
      eprint={1406.5162},
      archivePrefix={arXiv},
      primaryClass={cs.IR}
}

% [8] Baichuan Zhang, Tanay Kumar Saha, and Mohammad Al Hasan. 2014. Name disambiguation from link data in a collaboration graph.In 2014 IEEE/ACM International Conference on Advances in Social Networks Analysis and Mining (ASONAM 2014). IEEE, 81–84. 
@article{myw19,
author = {Ma, Y. and D. Yu and T. Wu and others},
journal = {Frontiers of Data and Computing},
number = {1},
pages = {105-115},
title = {Paddlepaddle: An open-source deep learning platform from industrial practice},
volume = {1},
year = {2019},
}



@article{grover2016node2vec,
      title={node2vec: Scalable Feature Learning for Networks}, 
      author={Aditya Grover and Jure Leskovec},
      year={2016},
      eprint={1607.00653},
      archivePrefix={arXiv},
      primaryClass={cs.SI}
}


@misc{SCCwiki,
url="https://en.wikipedia.org/wiki/Tarjan%27s_strongly_connected_components_algorithm" ,
  author = "{Wikipedia contributors}",
   title = "Tarjan's strongly connceted components",
   year = "2020",
   note = "[Online; accessed 11-Dec-2020]"
}


@article{gnn1, title={A Graph-Based Author Name Disambiguation Method and Analysis via Information Theory}, volume={22}, ISSN={1099-4300}, url={http://dx.doi.org/10.3390/e22040416}, DOI={10.3390/e22040416}, number={4}, journal={Entropy}, publisher={MDPI AG}, author={Ma, Yingying and Wu, Youlong and Lu, Chengqiang}, year={2020}, month={Apr}, pages={416}}


@InProceedings{gnn2,
author="Yan, Hao
and Peng, Hao
and Li, Chen
and Li, Jianxin
and Wang, Lihong",
title="Bibliographic Name Disambiguation with Graph Convolutional Network",
booktitle="Web Information Systems Engineering -- WISE 2019",
year="2019",
publisher="Springer International Publishing",
address="Cham",
pages="538--551"
}